@article{tapley2019contributions,
  title={Contributions of GRACE to understanding climate change},
  author={Tapley, Byron D and Watkins, Michael M and Flechtner, Frank and Reigber, Christoph and Bettadpur, Srinivas and Rodell, Matthew and Sasgen, Ingo and Famiglietti, James S and Landerer, Felix W and Chambers, Don P and others},
  journal={Nature climate change},
  volume={9},
  number={5},
  pages={358--369},
  year={2019},
  publisher={Nature Publishing Group}
}
