@article{borenstein2007,
	author={Ojeda, Lauro and Borenstein, Johann},
	booktitle={2007 IEEE International Workshop on Safety, Security and Rescue Robotics}, 
	title={Personal Dead-reckoning System for GPS-denied Environments}, 
	year={2007},
	pages={1-6}
}

@article{kjellson2021,
	author={Kjellson, Christoffer and Larsson, Martin and Astrom, Kalle and Oskarsson, Magnus},
	booktitle={2021 International Conference on Indoor Positioning and Indoor Navigation (IPIN)}, 
	title={Accurate Indoor Positioning Based on Learned Absolute and Relative Models}, 
	year={2021},
	pages={1-8}
}

@online{kalman,
	title = {About the Kalman Filter},
	author = {Alex Becker},
	date = {2022},
	url = {https://www.kalmanfilter.net/default.aspx}
}

@online{teil2,
	title = {Das Kalman Filter einfach erkl{\"a}rt [Teil 2]},
	author = {Paul Balzer},
	date = {2013},
	url = {https://www.cbcity.de/das-kalman-filter-einfach-erklaert-teil-2}
}

@online{teil1,
	title = {Das Kalman Filter einfach erkl{\"a}rt [Teil 1]},
	author = {Paul Balzer},
	date = {2013},
	url = {https://www.cbcity.de/das-kalman-filter-einfach-erklaert-teil-1}
}

@online{github,
	title = {KalmanFilter-Vehicle-GNSS-INS},
	author = {Alireza Ahmadi},
	date = {2022},
	url = {https://github.com/alirezaahmadi/KalmanFilter-Vehicle-GNSS-INS}
}

@online{doku,
	title = {scipy.optimize.least\_squares},
	author = {The SciPy community},
	date = {2022},
	url = {https://docs.scipy.org/doc/scipy/reference/generated/scipy.optimize.least\_squares.html}
}

@online{sylvia,
	title = {5G zur besseren Standorterkennung nutzen},
	author = {Sylvia Lu and Michael Eckstein},
	date = {2019},
	url = {https://www.elektronikpraxis.vogel.de/5g-zur-besseren-standorterkennung-nutzen-a-843345/}
}

@online{fraunhofer,
	title = {Voraussichtliche Verbesserung der Lokalisierungsgenauigkeit von 5G},
	author = {Karin Loidl},
	date = {2022},
	url = {https://www.iis.fraunhofer.de/de/ff/lv/lok/5g/accuracy.html}
}

