@article{borenstein2007,
	author={Ojeda, Lauro and Borenstein, Johann},
	booktitle={2007 IEEE International Workshop on Safety, Security and Rescue Robotics}, 
	title={Personal Dead-reckoning System for GPS-denied Environments}, 
	year={2007},
	pages={1-6}
}

@article{kjellson2021,
	author={Kjellson, Christoffer and Larsson, Martin and Astrom, Kalle and Oskarsson, Magnus},
	booktitle={2021 International Conference on Indoor Positioning and Indoor Navigation (IPIN)}, 
	title={Accurate Indoor Positioning Based on Learned Absolute and Relative Models}, 
	year={2021},
	pages={1-8}
}
